roland@roland-HP-EliteBook-Revolve-810-G1.10273:1441225780