@inproceedings{jansenvandurme2011,
	Author = {A. Jansen and B. {van Durme}},
	Booktitle = {Proceedings of ASRU},
	Title = {Efficient spoken term discovery using randomized algorithms},
	Year = {2011}}
