@inproceedings{synnaevedupoux2014,
	Author = {Synnaeve, Gabriel and Schatz, Thomas and Dupoux, Emmanuel},
	Booktitle = {IEEE SLT},
	Date-Added = {2015-03-27 04:38:12 +0000},
	Date-Modified = {2015-03-27 04:38:21 +0000},
	Title = {Phonetics embedding learning with side information},
	Year = 2014}


@misc{syhw_2015_16411,
  author       = {Gabriel Synnaeve},
  title        = {{A}{B}net: {I}nterspeech 2015 status},
  month        = mar,
  year         = 2015,
  doi          = {10.5281/zenodo.16411},
  url          = {http://dx.doi.org/10.5281/zenodo.16411}
}


@inproceedings{jansenvandurme2011,
	Author = {A. Jansen and B. {van Durme}},
	Booktitle = {Proceedings of ASRU},
	Title = {Efficient spoken term discovery using randomized algorithms},
	Year = {2011}}


@inproceedings{versteeghetal2015,
author = {M. Versteegh and R. Thiolliere and T. Schatz and X.N. Cao and X. Anguera and A. Jansen and E. Dupoux},
title = {The Zero Resource Speech Challenge},
booktitle = {Submitted to Interspeech},
year = {2015}}